<?xml version="1.0" encoding="UTF-8"?><record xmlns="http://www.loc.gov/MARC21/slim" xmlns:cinclude="http://apache.org/cocoon/include/1.0" xmlns:zs="http://www.loc.gov/zing/srw/">
  <leader>00399nz  a2200133n  4500</leader>
  <controlfield tag="001">n  93071810 </controlfield>
  <controlfield tag="003">DLC</controlfield>
  <controlfield tag="005">19930728091136.1</controlfield>
  <controlfield tag="008">930728n| acannaab|          |a aaa |||  </controlfield>
  <datafield tag="010" ind1=" " ind2=" ">
    <subfield code="a">n  93071810 </subfield>
  </datafield>
  <datafield tag="040" ind1=" " ind2=" ">
    <subfield code="a">DLC</subfield>
    <subfield code="c">DLC</subfield>
  </datafield>
  <datafield tag="100" ind1="1" ind2="0">
    <subfield code="a">Erreparáz, Joseph de,</subfield>
    <subfield code="d">1690-1758</subfield>
  </datafield>
  <datafield tag="400" ind1="1" ind2="0">
    <subfield code="a">De Erreparáz, Joseph,</subfield>
    <subfield code="d">1690-1758</subfield>
  </datafield>
  <datafield tag="670" ind1=" " ind2=" ">
    <subfield code="a">El capitán de infantería española don Joseph de Erreparáz, 1690-1758.</subfield>
  </datafield>
</record>